<record><leader>00000cas a22000007a 4500</leader><controlfield tag="001">21236147</controlfield><controlfield tag="008">900319d193419uucouwr ne      0    0eng d</controlfield><datafield ind1=" " ind2=" " tag="010"><subfield code="a">sn 90051141 </subfield></datafield><datafield ind1=" " ind2=" " tag="040"><subfield code="a">CNQ</subfield><subfield code="b">eng</subfield><subfield code="c">CNQ</subfield><subfield code="d">OCLCQ</subfield></datafield><datafield ind1=" " ind2=" " tag="042"><subfield code="a">msc</subfield></datafield><datafield ind1="0" ind2="4" tag="245"><subfield code="a">The Alma mining record.</subfield></datafield><datafield ind1="3" ind2="0" tag="246"><subfield code="a">Park County leader &amp; Alma bulletin</subfield></datafield><datafield ind1="3" ind2="0" tag="246"><subfield code="a">Park County leader and Alma bulletin</subfield></datafield><datafield ind1=" " ind2=" " tag="260"><subfield code="a">Alma, Park County, Colo. :</subfield><subfield code="b">Roy H. Simpson</subfield></datafield><datafield ind1=" " ind2=" " tag="300"><subfield code="a">v.</subfield></datafield><datafield ind1=" " ind2=" " tag="310"><subfield code="a">Weekly</subfield></datafield><datafield ind1="1" ind2=" " tag="362"><subfield code="a">Began in 1934.</subfield></datafield><datafield ind1=" " ind2=" " tag="500"><subfield code="a">Published as: Park County leader &amp; Alma bulletin, May 10, 1935.</subfield></datafield><datafield ind1=" " ind2=" " tag="515"><subfield code="a">Numbering is irregular.</subfield></datafield><datafield ind1=" " ind2=" " tag="588"><subfield code="a">Description based on: Vol. 1, no. 35 (Jan. 3, 1935).</subfield></datafield><datafield ind1=" " ind2=" " tag="752"><subfield code="a">United States</subfield><subfield code="b">Colorado</subfield><subfield code="c">Park</subfield><subfield code="d">Alma.</subfield></datafield></record>